

 @online{youtube,
        title = {Some cool motion sensor stuff},
        date = {2015},
        organization = {Youtube},
        author = {Peter Zatko and  Ivan Poupyrev and  Rachid El
        Guerrab and  Regina Dugan},
        url = {https://www.youtube.com/watch?v=mpbWQbkl8_g#t=20m15s},
    }